@string{jgr = "J.~Geophys.~Res."}

@MISC{primes,
   author = "Charles Louis Xavier Joseph de la Vall{\'e}e Poussin",
   note = "A strong form of the prime number theorem, 19th century",
   year = 1879
   }

@INBOOK{chicago,
   title = "The Chicago Manual of Style",
   publisher = "University of Chicago Press",
   edition = "Thirteenth",
   year = 1982,
   pages = "400--401",
   key = "Chicago"
   }

@BOOK{texbook,
   author = "Donald E. Knuth",
   title= "The {{\TeX}book}",
   publisher = "Addison-Wesley",
   year = 1984
   }

@BOOK{latexbook,
   author = "Leslie Lamport",
   title = "{\LaTeX \rm:} {A} Document Preparation System",
   publisher = "Addison-Wesley",
   year = 1986
   }

@UNPUBLISHED{btxdoc,
   author = "Oren Patashnik",
   title = "{Using BibTeX}",
   note = "Documentation for general BibTeX users",
   month = jan,
   year = 1988
   }

@UNPUBLISHED{btxhak,
   author = "Oren Patashnik",
   title = "Designing BibTeX Styles",
   note = "The part of BibTeX's documentation
                            that's not meant for general users",
   month = jan,
   year = 1988
   }

@BOOK{strunk,
   author = "Strunk, Jr., William and E. B. White",
   title = "The Elements of Style",
   publisher = "Macmillan",
   edition = "Third",
   year = 1979
   }

@book{vanleunen,
   title = "A Handbook for Scholars",
   author = "Mary-Claire van Leunen",
   publisher = "Knopf",
   year = "1979"
   }

@ARTICLE{Zurek:1993,
   AUTHOR  = {Zurek, R. W. and Martin, L. J.},
   TITLE   = {Interannual Variability {OF} planet-encircling dust activity on {M}ars},
   YEAR    = {1993},
   JOURNAL = jgr,
   VOLUME  = {98},
   NUMBER  = {E2},
   PAGES   = {3247--3259},
   note = "\href{http://onlinelibrary.wiley.com/doi/10.1029/92JE02936/abstract}{(Descargar)}"
}

@Article{Narendra1990,
  author =       {K.S.Narendra and K.Parthsarathy},
  title =        {Identification and Control of Dynamical System
                  using Neural Networks},
  journal =      "IEENN",
  year =         {1990},
  volume =    {1},
  number =    {1},
  month =     {},
  pages =     {4-27},
  annote =    {},
  note = "\href{kk.pdf}{Download}"
}

% -----------------------------------------------------------------------------
% -----------------------------------------------------------------------------
% -----------------------------------------------------------------------------

@article{2024_ARYA_CRDDC_review,
title = {From global challenges to local solutions: A review of cross-country collaborations and winning strategies in road damage detection},
author = {Deeksha Arya and Hiroya Maeda and Yoshihide Sekimoto},
journal = {Advanced Engineering Informatics},
volume = {60},
pages = {102388},
year = {2024},
doi = {https://doi.org/10.1016/j.aei.2024.102388},
}

@inproceedings{arya2022crowdsensing,
  title={Crowdsensing-based Road Damage Detection Challenge (CRDDCâ€™2022)},
  author={Arya, Deeksha and Maeda, Hiroya and Ghosh, Sanjay Kumar and Toshniwal, Durga and Omata, Hiroshi and Kashiyama, Takehiro and Sekimoto, Yoshihide},
  booktitle={2022 IEEE International Conference on Big Data (Big Data)},
  pages={6378--6386},
  year={2022},
  organization={IEEE}
}

@article{arya2022rdd2022,
  title={RDD2022: A multi-national image dataset for automatic Road Damage Detection},
  author={Arya, Deeksha and Maeda, Hiroya and Ghosh, Sanjay Kumar and Toshniwal, Durga and Sekimoto, Yoshihide},
  journal={arXiv preprint arXiv:2209.08538},
  year={2022}
}

@article{arya2021deep,
  title={Deep learning-based road damage detection and classification for multiple countries},
  author={Arya, Deeksha and Maeda, Hiroya and Ghosh, Sanjay Kumar and Toshniwal, Durga and Mraz, Alexander and Kashiyama, Takehiro and Sekimoto, Yoshihide},
  journal={Automation in Construction},
  volume={132},
  pages={103935},
  year={2021},
  publisher={Elsevier}
}

@article{arya2021rdd2020,
  title={RDD2020: An annotated image dataset for automatic road damage detection using deep learning},
  author={Arya, Deeksha and Maeda, Hiroya and Ghosh, Sanjay Kumar and Toshniwal, Durga and Sekimoto, Yoshihide},
  journal={Data in brief},
  volume={36},
  pages={107133},
  year={2021},
  publisher={Elsevier}

@inproceedings{arya2020global,
  title={Global road damage detection: State-of-the-art solutions},
  author={Arya, Deeksha and Maeda, Hiroya and Ghosh, Sanjay Kumar and Toshniwal, Durga and Omata, Hiroshi and Kashiyama, Takehiro and Sekimoto, Yoshihide},
  booktitle={2020 IEEE International Conference on Big Data (Big Data)},
  pages={5533--5539},
  year={2020},
  organization={IEEE}
}

